<collection xmlns="http://www.loc.gov/MARC21/slim">
<record>
  <leader>01189nam0a2200265 i 450 </leader>
  <controlfield tag="001">IT\ICCU\CNCE\064593</controlfield>
  <controlfield tag="005">20110728000000.0</controlfield>
  <datafield tag="012" ind1=" " ind2=" ">
    <subfield code="a">e-ma usi- iouo a-n- (3) 1580 (R)</subfield>
    <subfield code="2">fei</subfield>
  </datafield>
  <datafield tag="100" ind1=" " ind2=" ">
    <subfield code="a">20060515d1580        0itac0103    ba</subfield>
  </datafield>
  <datafield tag="101" ind1=" " ind2=" ">
    <subfield code="a">ITA</subfield>
  </datafield>
  <datafield tag="102" ind1=" " ind2=" ">
    <subfield code="a">IT</subfield>
  </datafield>
  <datafield tag="200" ind1="1" ind2=" ">
    <subfield code="a">Historia de la santa casa di Loreto</subfield>
  </datafield>
  <datafield tag="210" ind1=" " ind2=" ">
    <subfield code="a">In Loreto</subfield>
    <subfield code="c">appresso Sertorio de&apos; Monti</subfield>
    <subfield code="d">1580</subfield>
  </datafield>
  <datafield tag="215" ind1=" " ind2=" ">
    <subfield code="a">\8!, 160 p.</subfield>
    <subfield code="d">4ʻ</subfield>
  </datafield>
  <datafield tag="300" ind1=" " ind2=" ">
    <subfield code="a">Stampata a Macerata; per il nome dell&apos;autore e il luogo di stampa cfr.: Dizionario dei tipografi e degli editori italiani. Il Cinquecento, diretto da Marco Menato, Ennio Sandal, Giuseppina Zappella, p. 371</subfield>
  </datafield>
  <datafield tag="620" ind1=" " ind2=" ">
    <subfield code="a">IT</subfield>
    <subfield code="d">Macerata</subfield>
  </datafield>
  <datafield tag="700" ind1=" " ind2="1">
    <subfield code="a">Riera,</subfield>
    <subfield code="b">Rafael</subfield>
    <subfield code="3">IT\ICCU\CNCA\008868</subfield>
  </datafield>
  <datafield tag="712" ind1="0" ind2="0">
    <subfield code="a">Monti, Sertorio</subfield>
    <subfield code="3">IT\ICCU\CNCT\000618</subfield>
    <subfield code="4">650</subfield>
  </datafield>
  <datafield tag="712" ind1="0" ind2="2">
    <subfield code="a">s.n.</subfield>
    <subfield code="3">IT\ICCU\CNCT\000002</subfield>
    <subfield code="4">650</subfield>
  </datafield>
  <datafield tag="790" ind1=" " ind2="1">
    <subfield code="a">Riera,</subfield>
    <subfield code="b">Raffaele</subfield>
    <subfield code="3">IT\ICCU\CNCA\023600</subfield>
    <subfield code="z">Riera, Rafael</subfield>
  </datafield>
  <datafield tag="790" ind1=" " ind2="1">
    <subfield code="a">Riera,</subfield>
    <subfield code="b">Raphael</subfield>
    <subfield code="3">IT\ICCU\CNCA\023602</subfield>
    <subfield code="z">Riera, Rafael</subfield>
  </datafield>
  <datafield tag="791" ind1="0" ind2="0">
    <subfield code="a">Montibus, Sertorius de</subfield>
    <subfield code="3">IT\ICCU\CNCT\002375</subfield>
    <subfield code="z">Monti, Sertorio</subfield>
  </datafield>
  <datafield tag="791" ind1="0" ind2="0">
    <subfield code="a">De_Monti, Sertorio</subfield>
    <subfield code="3">IT\ICCU\CNCT\002376</subfield>
    <subfield code="z">Monti, Sertorio</subfield>
  </datafield>
  <datafield tag="801" ind1=" " ind2="3">
    <subfield code="a">IT</subfield>
    <subfield code="b">ICCU</subfield>
    <subfield code="c">20201115</subfield>
  </datafield>
  <datafield tag="899" ind1=" " ind2=" ">
    <subfield code="a">Biblioteca padre Clemente Benedettucci. Recanati</subfield>
    <subfield code="1">MC0065</subfield>
    <subfield code="2">PBE 87</subfield>
  </datafield>
</record>
</collection>
